@inproceedings{flightgear,
  title={The flightgear flight simulator},
  author={Perry, Alexander R},
  booktitle={Proceedings of the USENIX Annual Technical Conference},
  volume={686},
  year={2004}
}

@book{matlab,
	title={MATLAB guide},
	author={Higham, Desmond J and Higham, Nicholas J},
	year={2016},
	publisher={SIAM}
}

@online{xwing_wiki,
	author = {Wikipedia},
	title = {X-wing fighter},
	year = 2022,
	url = {https://en.wikipedia.org/wiki/X-wing_fighter},
	urldate = {2022-06-13}
}

@online{starwars,
	author = {Wikipedia},
	title = {Star Wars},
	year = 2022,
	url = {https://en.wikipedia.org/wiki/Star_Wars},
	urldate = {2022-06-15}
}

@online{fe2lla,
	author = {MathWorks},
	title = {Flat Earth to LLA},
	year = 2022,
	url = {https://se.mathworks.com/help/aeroblks/flatearthtolla.html},
	urldate = {2022-06-13}
}


@online{repulsorlift,
	author = {Wookieepedia },
	title = {Repulsorlift},
	year = 2022,
	url = {https://starwars.fandom.com/wiki/Repulsorlift},
	urldate = {2022-06-13}
}

@online{gyros,
	author = {Wookieepedia },
	title = {Gyroscopic stabilizer},
	year = 2022,
	url = {https://starwars.fandom.com/wiki/Gyroscopic_stabilizer},
	urldate = {2022-06-13}
}

@online{mir,
	author = {{Mobile Industrial Robot} },
	title = {MiR Robotter},
	year = 2022,
	url = {https://www.mobile-industrial-robots.com/da/?gclid=CjwKCAjw46CVBhB1EiwAgy6M4piY7gPFWFDT9eX_FqUicz7CaV5ADVmEOiLXUqq1Rh0pMsPwaxIfmRoCKzMQAvD_BwE},
	urldate = {2022-06-15}
}

@article{mpc_drone,
	title={Autonomous Landing of a Quadrotor on a Moving Platform via Model Predictive Control},
	author={Guo, Kaiyang and Tang, Pan and Wang, Hui and Lin, Defu and Cui, Xiaoxi},
	journal={Aerospace},
	volume={9},
	number={1},
	pages={34},
	year={2022},
	publisher={MDPI}
}

@inproceedings{scimet_paper,
	title={Robust real-time visual odometry with a single camera and an IMU},
	author={Kneip, Laurent and Chli, Margarita and Siegwart, Roland},
	booktitle={Proceedings of the British Machine Vision Conference 2011},
	year={2011},
	organization={British Machine Vision Association}
}